3375 5367
315 640 321 647 -
367 642 370 649 ·
420 598 667 683 Propositiones,
694 616 776 685 quae
791 598 915 682 logicae
929 598 1169 683 operationibus
1184 619 1204 664 a
1219 600 1357 665 caeteris
1372 598 1590 679 deducuntur,

377 726 454 787 sunt
477 718 712 801 theorematm
736 740 818 807 quae
842 741 920 786 vero
944 741 1020 798 non,
1056 720 1237 789 axiomata
1265 725 1391 788 vocari.
1417 724 1592 790 Axiomata

379 844 430 911 bic
446 849 523 910 sunt
546 860 661 908 novem
679 844 712 929 (ᾖ
737 842 780 929 l),
807 849 841 910 et
860 846 1037 929 signorum,
1056 864 1138 930 quae
1161 842 1347 910 delinitione
1370 849 1493 922 carent,
1518 866 1593 931 pro·

380 967 533 1052 prietates
555 964 814 1033 fundamentales
836 966 1032 1050 exprimunt.

422 1091 460 1155 ln
483 1091 503 1173 ἓ
530 1087 584 1153 1-6
600 1107 810 1154 numerorum
826 1089 1041 1173 proprietates
1063 1108 1248 1154 communes
1263 1088 1499 1166 demonstrari;
1524 1088 1592 1155 bre·

378 1212 487 1279 vitatis
510 1230 617 1289 cansa,
640 1211 933 1278 demonstrationes
963 1211 1230 1296 praecedentibus
1258 1212 1377 1278 similes
1404 1214 1516 1290 omisi;
1542 1213 1593 1277 de·

377 1334 644 1401 monstrationum
667 1353 868 1400 communem
891 1334 1026 1399 formam
1049 1334 1220 1399 immutare
1246 1339 1375 1421 oportet
1402 1341 1438 1400 ut
1468 1336 1593 1421 logicae

376 1457 474 1542 signis
497 1457 739 1541 exprimentum
770 1456 852 1523 haec
885 1457 1128 1522 transformatio
1158 1457 1323 1524 interdum
1346 1456 1507 1524 difficilior
1529 1464 1589 1534 est,

376 1584 484 1647 tamen
508 1579 583 1644 inde
606 1578 891 1645 demonstrationis
913 1583 1031 1645 natura
1055 1578 1232 1645 clarissime
1255 1585 1354 1665 patet.

423 1706 457 1768 ln
470 1701 678 1789 sequentibus
693 1703 714 1785 5
729 1703 822 1766 varia
836 1704 989 1778 tractavi,
1009 1706 1046 1768 ut
1062 1702 1158 1767 huius
1172 1702 1314 1768 methodi
1329 1705 1475 1789 potentia
1490 1704 1592 1789 magis

376 1826 538 1892 videatur.

418 1950 455 2015 In
479 1949 500 2032 ς
522 1948 542 2010 7
568 1946 725 2013 nonnulla
747 1945 967 2025 theoremata,
1002 1967 1084 2034 quae
1107 1946 1148 2012 ad
1182 1968 1391 2014 numerorum
1430 1949 1589 2014 theoriam

376 2073 554 2156 pertinent,
580 2070 803 2136 continentur.
828 2068 867 2134 In
889 2071 911 2153 5
934 2068 954 2133 8
978 2075 1012 2136 et
1027 2068 1048 2134 9
1064 2070 1273 2137 rationalium
1296 2075 1330 2137 et
1351 2071 1589 2137 irrationalium

376 2192 578 2260 definitiones
600 2192 828 2257 inveniuntur.

418 2316 572 2401 Denique,
599 2316 632 2379 in
665 2312 763 2399 510,
789 2313 994 2380 theoremata
1027 2303 1161 2401 exposui
1196 2316 1370 2392 nonnulla,
1397 2337 1480 2403 qnae
1504 2336 1590 2383 nova

374 2460 443 2505 esse
466 2445 564 2524 puto,
590 2438 631 2503 ad
666 2440 790 2503 entium
825 2438 986 2503 theoriam
1010 2438 1219 2523 pertinentia,
1245 2458 1329 2524 quae
1350 2438 1435 2505 cl.”¹¹¹'
1458 2429 1590 2505 Cauros

376 2558 615 2649 Punlrtmenpe
639 2556 823 2644 (resemble
846 2556 889 2626 de
904 2559 1036 2647 points)
1059 2561 1200 2627 vocavit.

418 2688 454 2752 ln
479 2688 541 2751 hoc
563 2685 683 2769 scripto
705 2683 844 2749 aliorum
867 2682 980 2748 studiis
1001 2702 1078 2749 usus
1100 2703 1181 2751 sum.
1204 2685 1343 2766 Logicae
1358 2685 1541 2752 notationes
1555 2691 1591 2751 et

374 2809 605 2896 propositiones
627 2827 710 2893 quae
733 2807 766 2871 in
790 2825 880 2872 num.
905 2806 945 2882 ll,
965 2806 1010 2872 III
1026 2811 1060 2872 et
1074 2807 1119 2872 IV
1135 2808 1355 2883 continentur,
1374 2809 1399 2870 si
1417 2807 1590 2872 nonnullas

374 2932 526 3017 excipias,
552 2930 592 2995 ad
616 2930 792 2996 multorum
816 2947 924 3015 opera,
947 2928 1035 2994 inter
1062 2949 1143 3014 quae
1167 2930 1275 2995 Booux
1297 2931 1481 3015 praecipue,
1508 2930 1589 2995 rele-

375 3071 476 3137 renda
498 3074 574 3136 sunt
597 3067 644 3155 (ἶ).

408 3417 446 3487 (Ἴ
463 3416 564 3471 Boouaz
586 3414 645 3469 The
661 3413 863 3468 matbematiccl
879 3414 999 3485 analysri
1015 3413 1050 3479 of
1061 3414 1135 3484 logie,
1154 3416 1204 3467 ato.
1223 3411 1388 3482 Cambridge,
1409 3412 1485 3466 1847.

496 3534 531 3543 -
587 3502 645 3557 Tne
662 3501 778 3557 calculus
794 3502 829 3568 cf
842 3501 918 3572 logio.
936 3500 1028 3557 (lamb.
1046 3501 1099 3555 and
1117 3500 1217 3555 Dublin
1235 3500 1321 3554 Math.
1340 3499 1459 3565 Journal,
1473 3499 1550 3555 1848.

495 3622 530 3632 -
582 3590 631 3645 Aa
648 3590 834 3660 inveslgatrbn
852 3588 887 3654 of
898 3590 943 3644 ibe
961 3588 1026 3643 loros
1043 3588 1078 3654 of
1090 3588 1214 3658 moechi,
1232 3591 1282 3643 etc.
1300 3586 1416 3655 london,
1436 3587 1513 3642 1854.

405 3680 438 3735 u.
458 3680 606 3735 Sosaboua:
626 3678 685 3733 Der
705 3677 936 3747 Operationalcreia
953 3675 1214 3746 (7008000110010010,
1232 3675 1350 3746 Leipzig,
1369 3675 1447 3730 1877.

405 3770 464 3840 Ipse
481 3769 534 3822 iam
552 3766 679 3821 nonnulla
697 3782 764 3837 qnae
781 3765 816 3819 ad
833 3764 947 3835 logicam
964 3764 1100 3835 pertinent
1122 3764 1251 3818 tractavit
1267 3763 1294 3817 in
1313 3763 1478 3833 praecedenti
1500 3780 1586 3833 opera.

493 3885 529 3897 -
546 3854 691 3910 Lebrbucb
709 3854 756 3909 der
773 3852 940 3909 Aritbmctik
957 3852 1017 3907 aad
1033 3851 1162 3922 Algedra,
1181 3852 1230 3906 etc.
1247 3849 1364 3921 Leipzig,
1385 3850 1461 3905 1873.

405 3944 483 4000 Βο010
495 3959 509 3998 e
521 3941 648 3997 Schrbder
659 3940 774 3995 theorias
785 3940 936 3995 brevissima
947 3939 1053 4010 exposui
1063 3939 1091 3993 in
1104 3956 1160 3993 meo
1173 3937 1240 3993 libro
1254 3938 1360 3995 Calculo
1369 3938 1526 4009 pwmebt'ce
1535 3940 1585 3993 etc.

371 4033 472 4098 Torino,
494 4031 570 4085 1888.

405 4120 485 4175 Videt

405 4208 433 4265 G.
453 4209 480 4262 S.
498 4207 607 4271 Paxaea,
630 4204 673 4261 Oa
689 4204 734 4259 the
751 4205 872 4275 Aigeira
889 4203 924 4269 of
936 4204 1017 4274 legib,
1036 4202 1173 4258 American
1194 4202 1311 4269 Journal,
1324 4202 1374 4269 III,
1389 4203 1436 4268 153
1449 4202 1510 4271 vn,
1524 4201 1586 4259 180.

404 4296 511 4352 Jsrons.
532 4293 590 4349 The
603 4291 750 4363 principles
767 4293 801 4359 of
811 4293 918 4347 aranee.
937 4290 1054 4358 london,
1074 4290 1151 4346 1888.

403 4382 536 4439 Modern.
556 4382 615 4437 The
636 4381 753 4437 calculus
770 4380 805 4447 of
815 4380 966 4451 equivalenti
986 4384 1146 4435 0101000000.
1164 4378 1337 4449 Proceedings
1361 4376 1390 4433 01
1409 4378 1456 4433 tha
1477 4376 1584 4432 London

368 4473 452 4529 Maon.
471 4472 582 4542 Society‚
602 4470 678 4525 1878.
697 4469 755 4524 Vol.
774 4468 821 4535 1x,
840 4470 866 4523 9.
885 4467 935 4522 Vol
953 4467 987 4534 X,
1008 4468 1050 4523 16.

489 4586 499 4619 ‘i
