3375 5367
476 965 663 1053 Logieee
699 966 961 1039 notationes.

643 1176 782 1184 —n——

533 1395 555 1453 l.
578 1396 624 1457 De
643 1396 890 1470 obseruatione.

146 1624 274 1687 Litteris
293 1642 324 1699 a,
339 1628 396 1698 b‚...
410 1642 445 1697 er,
462 1644 521 1699 u...
535 1624 637 1700 αἴν’...
658 1628 744 1691 entia
765 1627 942 1689 indicamus
955 1626 1207 1689 indeterminata
1229 1643 1325 1704 quae·

104 1734 250 1817 eumque.
273 1739 363 1801 ilntia
384 1755 463 1801 vero
491 1740 701 1803 determinata
723 1742 828 1820 signis,
850 1742 916 1802 slve
938 1740 1053 1803 litteris
1072 1742 1108 1811 P,
1130 1741 1168 1813 K,
1191 1743 1258 1813 N,...
1279 1740 1323 1801 in·

105 1853 260 1914 dicamus.
634 1866 636 1871 ·

147 1969 240 2048 Signa
273 1973 461 2050 plerumque
492 1972 524 2031 in
556 1972 666 2033 eadem
702 1969 786 2031 linea
818 1970 1002 2031 scribemus.
1032 1970 1075 2030 Ut
1106 1968 1184 2030 ordo
1215 1970 1324 2046 pateat

106 2103 172 2163 quo
201 2102 238 2147 ea
257 2084 468 2171 ‘coniungere
501 2086 653 2163 oporteat,
680 2085 936 2159 parmenonibus
960 2086 997 2143 nt
1031 2082 1063 2144 in
1094 2081 1234 2161 algebra,
1256 2082 1323 2145 sive

106 2202 239 2275 punctu
261 2245 267 2258 .
290 2217 297 2259 ε
369 2217 395 2260 ;;
417 2202 478 2261 eto.
499 2201 629 2260 utimur.

142 2314 183 2374 Ut
201 2312 338 2375 formula
360 2314 485 2391 punctis
500 2313 608 2383 divisa,
624 2310 830 2391 intelligatur,
852 2312 990 2389 primum
1012 2312 1100 2390 signa
1126 2326 1208 2389 quae
1236 2310 1323 2372 nullo
1380 2328 1383 2336 ·

101 2432 218 2505 puncto
238 2431 430 2504 separantur
449 2428 626 2505 colligenda
647 2430 729 2499 sunt,
753 2428 859 2503 postea
881 2441 963 2503 quae
978 2443 1042 2488 uno
1063 2430 1190 2505 puncto,
1209 2424 1323 2489 deindo

101 2558 183 2619 qnae
205 2540 326 2603 duobus
346 2542 479 2619 punctis,
502 2546 562 2603 ete.

142 2659 199 2716 iix.
223 2673 252 2735 g.
278 2655 341 2716 sint
365 2672 396 2730 a,
418 2660 444 2728 b,
471 2672 528 2726 o‚...
560 2655 649 2735 signa
670 2671 901 2733 quaecumque.
926 2657 1017 2717 Tune
1041 2658 1134 2717 obed
1163 2654 1322 2734 significat

100 2769 167 2849 (ab)
179 2770 258 2849 (cub
279 2774 312 2832 et
332 2773 374 2832 ab
386 2772 576 2845 .cot:ef.pb
635 2776 656 2831 b
676 2770 835 2848 signifieat
854 2768 1259 2850 (((ob)(od))((ef)(pb)))b.

141 2885 380 2946 Punctuatloms
400 2886 489 2963 signa
511 2886 660 2947 omittere
680 2884 756 2947 lieet
776 2885 802 2946 si
824 2885 980 2947 iormulae
1001 2900 1083 2962 qnae
1104 2885 1231 2946 diversa
1247 2900 1321 2962 pun-

100 2998 261 3061 ctuatione
281 3001 459 3061 existerent
489 3000 625 3061 eundem
654 2998 794 3061 habeant
813 3016 957 3070 sonsum;
981 3000 1031 3061 vel
1059 3001 1083 3060 si
1111 3014 1175 3059 una
1197 3001 1322 3061 tantum

99 3113 244 3183 formula,
264 3116 300 3175 et
321 3113 390 3191 ipsa
412 3130 506 3191 quam
528 3113 668 3176 seribere
691 3114 847 3184 volumus,
868 3130 996 3175 sensum
1019 3113 1149 3176 habeat.

140 3229 181 3288 Ut
200 3226 414 3306 ambiguitatis
427 3228 605 3304 periculum
619 3228 709 3299 absit,
726 3225 926 3290 aritmetioae
947 3228 1170 3306 operationum
1184 3230 1283 3307 signis
1295 3246 1320 3288 .:

101 3356 264 3417 nunquam
285 3341 416 3401 utimur.
1002 3351 1004 3357 '

141 3456 372 3517 Parenthesum
393 3454 497 3533 figura
512 3472 574 3516 una
589 3458 638 3517 ast
657 3456 668 3528 (
691 3456 716 3533 );
738 3457 762 3516 si
780 3456 811 3516 in
826 3458 937 3518 eadem
953 3457 1098 3530 formula,
1114 3456 1323 3534 parentheses

100 3572 133 3631 et
153 3571 270 3645 puncta
291 3573 472 3643 occurrant,
501 3569 639 3647 primum
660 3586 742 3647 quae
764 3570 1010 3647 parenthesibus
1031 3571 1245 3645 eontinentur,
1261 3574 1323 3634 ool·

101 3682 252 3759 ligantur.

506 3901 541 3959 ll.
566 3903 611 3961 De
626 3904 915 3975 propositionibus.

139 4080 233 4158 Signo
255 4082 278 4141 P
299 4080 499 4159 significatur
516 4085 705 4157 propositio,

139 4193 269 4271 Signum
291 4216 311 4247 n
333 4196 451 4274 legitur
482 4199 521 4258 et.
553 4197 622 4257 Sint
642 4214 675 4269 a,
696 4201 724 4268 b,
748 4199 990 4276 propositiones;
1019 4205 1097 4264 tuno
1117 4206 1201 4264 aab
1222 4203 1320 4266 estsi-

98 4309 259 4370 multanea
282 4310 449 4371 affirmatio
474 4311 721 4388 propositionum
735 4330 757 4373 o
769 4360 776 4386 ,
789 4316 816 4373 b.
833 4316 1007 4376 Brevitatis
1023 4332 1130 4388 eausa,
1146 4318 1214 4379 loeo
1225 4334 1247 4378 a
1262 4341 1284 4371 n
1302 4322 1321 4379 b

99 4421 196 4500 vulgo
216 4421 391 4485 scribemus
412 4427 472 4485 ub.
