3375 5367
658 394 780 432 ..v—

156 517 289 602 Signum
312 540 339 596 ε,
365 518 449 604 quod
472 539 544 585 cum
568 521 660 605 signo
683 538 707 604 0
730 517 930 586 confundere
951 537 1014 584 non
1032 518 1116 598 licet,
1133 520 1326 584 inversionis

111 639 144 703 in
171 640 274 725 logica
296 641 535 727 applicationes,
559 648 593 709 et
614 662 732 728 pancas
754 642 834 708 alias
869 642 994 708 institui
1020 643 1262 718 conventiones,
1288 655 1326 708 ut

109 762 152 827 ad
176 763 416 848 exprimendam
438 764 614 851 quamlibet
634 765 884 850 propositionem
908 765 1141 851 pervenirem.¹

155 886 193 950 In
215 887 437 953 arithmeticae
459 886 787 955 demonstrationibus
810 907 887 953 usus
910 906 980 954 sum
1004 886 1106 953 libro:
1130 887 1172 953 H.
1204 886 1323 953 Gaass·

109 1024 215 1084 manu,
241 1006 423 1076 Lclrduclr
444 1008 508 1076 der
530 1007 756 1087 Aritkmetilt‚
783 1009 894 1076 Berlin
920 1008 1014 1075 1861.

156 1131 274 1197 Utilius
295 1153 420 1220 quoque
442 1134 521 1199 mihi
544 1132 606 1201 fuit
629 1153 742 1200 recens
764 1134 940 1219 scriptum:
963 1133 1004 1197 R.
1025 1133 1207 1209 Danuuiun,
1234 1129 1325 1199 was

108 1250 193 1319 sind
216 1252 288 1321 und
307 1274 381 1322 was
402 1254 514 1323 tollen
536 1254 593 1322 die
616 1253 769 1338 ZadlenJ
793 1255 1060 1339 Braunschweig,
1088 1252 1184 1330 1888,
1204 1256 1238 1319 in
1262 1274 1324 1341 quo

109 1378 324 1461 quaestiones,
339 1398 422 1464 quae
437 1378 477 1444 ad
494 1398 701 1445 numerorum
718 1378 930 1445 fundamenta
945 1379 1120 1464 pertinent,
1136 1383 1232 1443 acute
1247 1396 1324 1443 exa·

109 1499 289 1565 minantur.

153 1622 214 1688 Hic
237 1641 326 1688 meus
348 1624 475 1690 libellus
498 1629 535 1691 ut
557 1644 663 1690 novae
692 1623 833 1692 methodi
865 1625 1025 1711 specimen
1062 1622 1228 1690 habendus
1261 1626 1321 1688 est.

108 1744 205 1812 Hisce
227 1747 445 1813 notationibus
466 1748 655 1814 innumeras
678 1749 757 1813 alias
780 1748 1023 1834 propositiones,
1048 1753 1188 1833 atquae
1211 1746 1251 1811 ad
1275 1764 1326 1811 ra·

108 1869 247 1935 tionales
269 1877 303 1938 et
326 1870 529 1936 irrationales
551 1870 728 1957 pertinent,
752 1871 929 1936 enunciare
952 1874 987 1936 et
1009 1868 1232 1936 demonstrare
1255 1886 1325 1952 pos·

108 2011 229 2057 sumus.
255 1992 327 2069 Sed,
351 1999 389 2057 ut
410 1994 492 2058 aliae
517 1991 664 2060 theoriae
687 1996 883 2070 tractentur,
908 2011 992 2057 nova
1014 1992 1116 2075 signa,
1134 2009 1217 2075 quae
1239 2008 1324 2054 nova

108 2112 255 2183 indicant
277 2116 375 2191 entia,
402 2116 572 2182 instituere
595 2134 725 2182 necasse
749 2120 807 2181 est.
835 2117 919 2181 Puto
943 2134 1021 2181 vero
1046 2114 1094 2178 his
1121 2119 1248 2179 tantum
1279 2112 1325 2179 lo·

107 2238 200 2323 gisae
222 2238 322 2323 signis
344 2238 575 2323 propositiones
597 2237 767 2304 cuiuslibet
790 2238 944 2303 scientiae
967 2236 1104 2323 exprimi
1119 2253 1222 2321 posse,
1236 2233 1324 2299 dum·

107 2359 201 2427 modo
224 2358 443 2447 adiungantur
465 2363 557 2447 signa
580 2380 662 2447 quae
684 2362 774 2427 entia
796 2360 893 2425 huius
910 2361 1065 2429 scientiae
1080 2361 1318 2443 representant.
