3375 5367
481 876 923 994 PRAEFATIO
986 965 988 968 -

138 1384 354 1459 Quaestiones,
381 1402 468 1471 quae
486 1382 526 1446 ad
550 1382 796 1449 mathematicae
819 1382 1031 1470 fundamenta
1053 1385 1231 1473 pertinent.
1250 1386 1311 1455 etsi
1410 1395 1413 1402 “

97 1502 183 1571 hisce
200 1506 398 1591 temporibus
410 1526 430 1571 a
442 1505 551 1570 multis
566 1508 738 1581 tractatae,
757 1506 970 1571 satisfacienti
986 1506 1145 1571 solutione
1157 1513 1190 1571 et
1204 1506 1312 1574 adhuc

96 1633 220 1694 carent.
246 1629 306 1693 Hic
328 1626 500 1695 difficultas
524 1631 663 1695 maxime
679 1648 721 1694 ex
736 1629 895 1693 sermonis
918 1628 1129 1713 ambiguitate
1152 1630 1266 1694 oritur.
1342 1617 1347 1628 ’

140 1750 247 1825 Quare
270 1752 384 1815 summi
408 1752 546 1816 interest
570 1749 668 1815 verba
691 1751 770 1834 ipsa,
796 1750 912 1835 quibus
935 1751 1058 1815 utimur
1088 1756 1211 1817 attente
1243 1772 1312 1837 per·

96 1874 249 1961 pendere.
276 1875 344 1939 Hoc
367 1892 504 1940 examen
527 1875 605 1941 mibi
630 1875 789 1959 proposui,
810 1879 913 1963 'atque
935 1875 997 1940 mei
1014 1874 1111 1942 studii
1127 1876 1312 1954 resultatus,

96 2003 132 2064 et
155 1998 379 2063 arithmeticae
402 1996 633 2093 applicationes
655 1999 689 2065 in
715 1998 918 2081 bocscripto
940 2017 1079 2085 expono.

141 2121 232 2187 ideas
254 2140 366 2185 omnes
388 2138 471 2205 qnae
494 2121 527 2184 in
552 2119 774 2185 arithmeticae
802 2120 968 2203 principiis
991 2125 1188 2197 occurrunt,
1214 2121 1315 2207 signia

99 2244 246 2319 indicavi,
270 2244 315 2308 ita
339 2248 375 2309 ut
398 2241 557 2326 quaelibet
581 2243 753 2330 propositio
777 2242 826 2306 his
850 2246 978 2311 tanturn
993 2244 1092 2329 signis
1106 2244 1311 2311 enuntietur.

142 2367 241 2453 Signa
264 2372 320 2430 aut
343 2366 383 2430 ad
407 2366 741 2453 logicam‘pertinent
767 2369 825 2430 aut
847 2366 977 2451 proprie
1001 2364 1041 2428 ad
1065 2367 1313 2431 arithmeticam.

99 2490 237 2575 Logicae
249 2489 341 2573 signa
356 2507 438 2572 quae
456 2488 508 2551 hic
522 2490 711 2561 occurrunt,
731 2492 808 2552 sunt
824 2507 960 2552 numero
976 2487 1017 2551 ad
1032 2488 1154 2565 decem,
1173 2489 1317 2575 quamvis

99 2631 164 2676 non
188 2611 296 2675 omnia
320 2610 513 2675 necessaria.
531 2610 653 2674 Horum
671 2610 836 2693 signorum
853 2630 929 2673 usus
952 2616 985 2675 et
1007 2612 1222 2695 proprietates
1241 2629 1318 2676 non·

20 2744 23 2751 '
99 2733 210 2800 nullae
233 2736 267 2798 in
297 2734 522 2817 prioreparte
556 2733 715 2799 communi
739 2751 888 2797 sermone
922 2734 1140 2816 explicantur.
1174 2735 1317 2817 Ipsorum

98 2856 260 2922 theoriam
284 2857 383 2920 fusius
407 2856 458 2919 hic
481 2873 644 2941 exponere
675 2855 776 2920 nolui.
805 2856 1038 2921 arithmeticae
1061 2857 1170 2939 signa,
1197 2856 1253 2919 ubi
1269 2876 1319 2921 oc·

98 2984 251 3053 currunt,
279 2979 498 3063 explicantur.

144 3102 201 3166 His
238 3100 457 3167 notationibus
492 3100 651 3185 quaelibet
685 3101 859 3186 propositio
895 3102 1032 3166 formam
1065 3102 1199 3167 assumit
1221 3105 1320 3187 atque

98 3225 341 3310 praecisionem,
364 3242 428 3307 qua
452 3226 486 3287 in
508 3224 640 3308 algebra
663 3225 873 3309 aequationes
894 3223 1048 3309 gaudent,
1072 3228 1106 3289 et
1129 3244 1149 3289 a
1171 3225 1316 3309 proposi·

99 3346 243 3415 tionibus
264 3349 311 3414 ita
333 3347 460 3433 scriptis
483 3346 567 3412 aliae
591 3346 808 3426 deducuntur,
832 3347 927 3432 idque
951 3350 1108 3432 processis
1130 3348 1184 3434 qui
1201 3367 1319 3433 aequa·

100 3471 228 3539 tionum
250 3470 439 3539 resolutioni
462 3469 693 3536 assimilantur.
718 3470 788 3535 Hoc
811 3475 909 3553 caput
930 3470 1033 3536 totius
1053 3471 1178 3555 scripti.

147 3592 255 3679 Siqua,
274 3592 429 3670 coniectis
452 3592 551 3677 signis
566 3591 679 3677 quibus
694 3590 919 3661 arithmeticae
934 3592 1165 3677 propositiones
1179 3592 1322 3659 scribere

101 3716 233 3807 possim,
256 3716 290 3781 in
315 3734 429 3783 aarum
452 3716 647 3783 tractatione
670 3728 746 3781 usus
768 3735 839 3779 sum
861 3714 1033 3792 methodo,
1059 3735 1152 3800 quam
1185 3717 1261 3802 qnia
1289 3719 1324 3780 et

100 3840 138 3902 in
163 3837 236 3903 aliis
257 3837 371 3904 modiis
392 3837 558 3922 sequenda
580 3836 675 3916 foret,
700 3838 846 3902 breviter
868 3856 1039 3925 exponam.

149 3960 200 4027 Ex
222 3961 448 4028 arithmeticae
471 3963 571 4048 signis
593 3981 676 4046 quae
700 3962 853 4037 caeteris,
880 3981 1043 4026 unacum
1071 3960 1193 4047 logicae
1224 3963 1324 4047 signis

100 4084 290 4168 exprimere
324 4084 411 4159 licet,
448 4082 536 4149 ideas
569 4080 755 4169 significant
790 4103 869 4169 quas
899 4081 1036 4149 delinire
1063 4103 1240 4168 possumus.
1274 4085 1325 4150 lta

99 4197 212 4271 omnia
234 4202 368 4271 definivi
391 4208 493 4291 signa,
520 4206 546 4271 si
570 4210 710 4293 quatuor
733 4206 888 4291 excipias,
906 4206 1036 4291 quaein
1054 4204 1324 4290 explicationibus

101 4330 125 4411 ἓ
153 4326 168 4391 l
191 4332 414 4395 continentur.
432 4328 477 4407 Si,
491 4333 529 4395 ut
544 4332 631 4413 puto,
648 4328 728 4397 haec
743 4328 883 4396 ulterius
901 4327 1014 4396 reduci
1036 4333 1214 4414 nequeunt.
1237 4328 1326 4397 ideas

102 4451 183 4537 ipsis
191 4470 368 4538 expressas,
375 4449 455 4516 ideis
469 4470 551 4538 quae
563 4452 753 4537 priusnotae
765 4457 1003 4538 supponuntur,
1014 4448 1223 4604 definirenop
1236 4451 1325 4519 licet.
